<record><leader>00000cas a22000007a 4500</leader><controlfield tag="001">9679154</controlfield><controlfield tag="008">830708u18551uuunyudr ne      0    0eng d</controlfield><controlfield tag="009">3781</controlfield><datafield ind1=" " ind2=" " tag="010"><subfield code="a">sn 83030807 </subfield></datafield><datafield ind1=" " ind2=" " tag="040"><subfield code="a">NPU</subfield><subfield code="b">eng</subfield><subfield code="c">NPU</subfield></datafield><datafield ind1="1" ind2=" " tag="029"><subfield code="a">AU@</subfield><subfield code="b">000025827999</subfield></datafield><datafield ind1=" " ind2=" " tag="042"><subfield code="a">msc</subfield></datafield><datafield ind1="0" ind2="4" tag="245"><subfield code="a">The Brooklyn daily signal.</subfield></datafield><datafield ind1=" " ind2=" " tag="260"><subfield code="a">Brooklyn, N.Y. :</subfield><subfield code="b">Van Veghten, Smith &amp; Co.,</subfield><subfield code="c">1855-</subfield></datafield><datafield ind1=" " ind2=" " tag="300"><subfield code="a">v. ;</subfield><subfield code="c">47 cm.</subfield></datafield><datafield ind1=" " ind2=" " tag="310"><subfield code="a">Daily</subfield></datafield><datafield ind1="0" ind2=" " tag="362"><subfield code="a">Vol. 1, no. 1 (Jul. 23, 1855)-</subfield></datafield><datafield ind1=" " ind2=" " tag="500"><subfield code="a">"An evening paper devoted to the news of the day, in connection  with the interests of the business community,...especially in relation to the welfare and progress of the City of Brooklyn."</subfield></datafield><datafield ind1=" " ind2=" " tag="500"><subfield code="a">Editor: Anderson Smith, 1855-</subfield></datafield><datafield ind1="1" ind2=" " tag="700"><subfield code="a">Smith, Anderson,</subfield><subfield code="e">ed.</subfield></datafield><datafield ind1=" " ind2=" " tag="752"><subfield code="a">United States</subfield><subfield code="b">New York</subfield><subfield code="c">Kings</subfield><subfield code="d">Brooklyn.</subfield></datafield></record>